@article{rumelhart1986learning,
	title={Learning representations by back-propagating errors},
	author={Rumelhart, David E and Hinton, Geoffrey E and Williams, Ronald J},
	journal={nature},
	volume={323},
	number={6088},
	pages={533--536},
	year={1986},
	publisher={Nature Publishing Group}
}
@misc{bhattacharjee2020practical,
	title={Practical Machine Learning with Rust},
	author={Bhattacharjee, Joydeep},
	year={2020},
	publisher={Springer}
}